@online{wikipedia,
    author = "Wikipedia",
    title = "Telephone exchange",
    url  = "https://en.wikipedia.org/wiki/Telephone_exchange",
}
@online{simlib,
    author = "Petr Peringer, David Leska, David Martinek",
    title = "SIMLIB/C++",
    url  = "https://www.fit.vut.cz/person/peringer/public/SIMLIB/",
}
